%% This BibTeX bibliography file was created using BibDesk.
%% http://bibdesk.sourceforge.net/


%% Created for Maximiliano Lulic at 2014-01-15 19:33:35 -0300 


%% Saved with string encoding Unicode (UTF-8) 

@article{osi74981,
	Author = {ISO/IEC},
	Date-Added = {2014-01-15 22:32:34 +0000},
	Date-Modified = {2014-01-15 22:33:28 +0000},
	Title = {Information Technology - Open Systems Interconnection - Basic Reference Model: The Basic Model},
	Year = {Noviembre 1994}}

@article{zim80,
	Author = {Hubert Zimmermann},
	Date-Added = {2014-01-15 22:32:34 +0000},
	Date-Modified = {2014-01-15 22:33:28 +0000},
	Title = {OSI Reference Model - The ISO Model of Arquitecture for Open Systems Interconnection},
	Year = {Abril 1980}}

@article{duska,
	Author = {Duska and Bradley and David Marwood and Michael Feely},
	Date-Added = {2014-01-15 22:32:34 +0000},
	Date-Modified = {2014-01-15 22:33:28 +0000},
	Title = {The Measured Access Characteristics of World-Wide-Web Client Proxy Caches},
	Year = {Diciembre 1997}}

@article{7498-1,
	Author = {International Standard Organization},
	Date-Added = {2014-01-15 22:32:34 +0000},
	Date-Modified = {2014-01-15 22:33:28 +0000},
	Title = {The Measured Access Characteristics of World-Wide-Web Client Proxy Caches},
	Year = {Noviembre 1994}}
	
@article{http1011,
	Author = {Balachander Krishnamurthy and Jeffrey C. Mogul and David M. Kristol},
	Date-Added = {2014-01-15 22:32:34 +0000},
	Date-Modified = {2014-01-15 22:33:28 +0000},
	Title = {Key Differences between HTTP/1.0 and HTTP/1.1},
	Year = {1999}}

@article{reempCache,
	Author = {Carlos E. Quesada S'anchez and Esteban Meneses},
	Date-Added = {2014-01-15 22:32:34 +0000},
	Date-Modified = {2014-01-15 22:33:28 +0000},
	Title = {Políticas de reemplazo en la cach'e de web},
	Year = {Diciembre 2006}}

@article{sst,
	Author = {Bryan Ford},
	Date-Added = {2014-01-15 22:32:34 +0000},
	Date-Modified = {2014-01-15 22:33:28 +0000},
	Title = {Structured Streams: a New Transport Abstraction},
	Year = {Agosto 2007}}

@article{moreBand,
	Author = {Mike Belshe},
	Date-Added = {2014-01-15 22:32:34 +0000},
	Date-Modified = {2014-01-15 22:33:28 +0000},
	Title = {More Bandwidth Doesn't Matter (much)},
	Year = {Agosto 2010}}

@article{effect,
	Author = {Yehia Elkhatib and Gareth Tyson and Michael Welzl},
	Date-Added = {2014-01-15 22:32:34 +0000},
	Date-Modified = {2014-01-15 22:33:28 +0000},
	Title = {The Effect of Network and Infrastructural Variables on SPDY?s Performance},
	Year = {Julio 2013}}
	
@article{comparision,
	Author = {Jitendra Padhye and Henrik Frystyk Nielsen},
	Date-Added = {2014-01-15 22:32:34 +0000},
	Date-Modified = {2014-01-15 22:33:28 +0000},
	Title = {A comparison of SPDY and HTTP performance},
	Year = {Julio 2012}}

@article{towards,
	Author = {Jeffrey Erman and Vijay Gopalakrishnan and Rittwik Jana and K.K. Ramakrishnan},
	Date-Added = {2014-01-15 22:32:34 +0000},
	Date-Modified = {2014-01-15 22:33:28 +0000},
	Title = {Towards a SPDY?ier Mobile Web?},
	Year = {Diciembre 2013}}

@article{rsa,
	Author = {R.L. Rivest and A. Shamir and L. Adleman},
	Date-Added = {2014-01-15 22:32:34 +0000},
	Date-Modified = {2014-01-15 22:33:28 +0000},
	Title = {A Method for Obtaining Digital Signatures and Public-Key Cryptosystems},
	Year = {Abril 1977}}

@article{akamaiPerf,
	Author = {Forrester Consulting and Akamai Technologies, Inc.},
	Date-Added = {2014-01-15 22:32:34 +0000},
	Date-Modified = {2014-01-15 22:33:28 +0000},
	Title = {eCommerce Web Site Performance Today},
	Year = {Agosto 2009}}

@article{howSpeedy,
	Author = {Xiao Sophia Wang and Aruna Balasubramanian and Arvind Krishnamurthy and David Wetherall},
	Date-Added = {2014-01-15 22:32:34 +0000},
	Date-Modified = {2014-01-15 22:33:28 +0000},
	Title = {How Speedy is SPDY?},
	Year = {Abril 2014}}

@book{webCaching,
	Author = {Duane Wessels},
	Date-Added = {2013-11-25 15:26:39 +0000},
	Date-Modified = {2013-11-25 15:38:02 +0000},
	Publisher = {O'Reilly Media},
	Title = {Web Caching},
	Year = {2001}}
	
@book{highPerformance,
	Author = {Ilya Grigorik},
	Date-Added = {2013-11-25 15:26:39 +0000},
	Date-Modified = {2013-11-25 15:38:02 +0000},
	Publisher = {O'Reilly Media},
	Title = {High Performance Browser Networking},
	Year = {2013}}

@book{redesComputadores,
	Author = {James F. Kurose and Keith W. Ross},
	Date-Added = {2013-11-25 15:26:39 +0000},
	Date-Modified = {2013-11-25 15:38:02 +0000},
	Publisher = {Pearson},
	Title = {Redes de Computadores, Un Enfoque Descendente Basado en Internet},
	Year = {2013}}
	
@book{tcpipIluistrated,
	Author = {W. Richard Stevens},
	Date-Added = {2013-11-25 15:26:39 +0000},
	Date-Modified = {2013-11-25 15:38:02 +0000},
	Publisher = {Addison-Wesley},
	Title = {TCP/IP Illustrated, Vol. 1: The Protocols},
	Year = {1993}}

@book{highPerformanceWebSites,
	Author = {Steve Souders},
	Date-Added = {2013-11-25 15:26:39 +0000},
	Date-Modified = {2013-11-25 15:38:02 +0000},
	Publisher = {O'Reilly Media},
	Title = {High Performance Web Sites},
	Year = {2007}}
	
@book{httpGuide,
	Author = {David Gourley and Brian Totty and Marjorie Sayer and Anshu Aggarwal and Sailu Reddy},
	Date-Added = {2013-11-25 15:26:39 +0000},
	Date-Modified = {2013-11-25 15:38:02 +0000},
	Publisher = {O'Reilly Media},
	Title = {HTTP: The Definitive Guide},
	Year = {2002}}

@electronic{webcache,
	Date-Added = {2013-11-03 02:06:20 +0000},
	Date-Modified = {2013-11-03 02:06:41 +0000},
	Title = {Web Caching: Making the Most of Your Internet Connection},
	Url = {http://www.web-cache.com},
	Bdsk-Url-1 = {http://www.web-cache.com}}

@electronic{spdyWhitepaper,
	Date-Added = {2013-11-03 02:06:20 +0000},
	Date-Modified = {2013-11-03 02:06:41 +0000},
	Title = {SPDY: An experimental protocol for a faster web},
	Url = {http://www.chromium.org/spdy/spdy-whitepaper},
	Bdsk-Url-1 = {http://www.chromium.org/spdy/spdy-whitepaper}}

@electronic{spdyDraft,
	Date-Added = {2013-11-03 02:06:20 +0000},
	Date-Modified = {2013-11-03 02:06:41 +0000},
	Title = {SPDY Protocol - Draft 1},
	Url = {http://www.chromium.org/spdy/spdy-protocol/spdy-protocol-draft1},
	Bdsk-Url-1 = {http://www.chromium.org/spdy/spdy-protocol/spdy-protocol-draft1}}

@electronic{iws,
	Date-Added = {2013-11-03 02:06:20 +0000},
	Date-Modified = {2013-11-03 02:06:41 +0000},
	Title = {INTERNET GROWTH STATISTICS},
	Url = {http://www.internetworldstats.com/emarketing.htm},
	Bdsk-Url-1 = {http://www.internetworldstats.com/emarketing.htm}}

@electronic{json,
	Date-Added = {2013-11-03 02:06:20 +0000},
	Date-Modified = {2013-11-03 02:06:41 +0000},
	Title = {ECMA-404 The JSON Data Interchange Standard},
	Url = {http://www.json.org},
	Bdsk-Url-1 = {http://www.json.org}}

@electronic{ping,
	Date-Added = {2013-11-03 02:06:20 +0000},
	Date-Modified = {2013-11-03 02:06:41 +0000},
	Title = {ping(8) - Linux man page},
	Url = {http://linux.die.net/man/8/ping},
	Bdsk-Url-1 = {http://linux.die.net/man/8/ping}}

@electronic{atw,
	Author = {Terry Sullivan},
	Date-Added = {2013-11-03 02:06:20 +0000},
	Date-Modified = {2013-11-03 02:06:41 +0000},
	Title = {How Much Is Too Much?},
	Url = {http://www.pantos.org/atw/35654.html},
	Bdsk-Url-1 = {http://www.pantos.org/atw/35654.html}}

@electronic{spdylay,
	Author = {Tatsuhiro Tsujikawa},
	Date-Added = {2013-11-03 02:06:20 +0000},
	Date-Modified = {2013-11-03 02:06:41 +0000},
	Title = {Spdylay - SPDY C Library},
	Url = {http://tatsuhiro-t.github.io/spdylay/},
	Bdsk-Url-1 = {http://tatsuhiro-t.github.io/spdylay/}}

@electronic{spdyproxypython,
	Author = {Pablo Maximiliano Lulic},
	Date-Added = {2013-11-03 02:06:20 +0000},
	Date-Modified = {2013-11-03 02:06:41 +0000},
	Title = {Proxy Adaptativo para Protocolos Web Avanzados},
	Url = {https://www.github.com/maxisoad/spdyproxypython},
	Bdsk-Url-1 = {https://www.github.com/maxisoad/spdyproxypython}}

@electronic{alexatop,
	Author = {Pablo Maximiliano Lulic},
	Date-Added = {2013-11-03 02:06:20 +0000},
	Date-Modified = {2013-11-03 02:06:41 +0000},
	Title = {Alexa Top},
	Url = {https://github.com/maxisoad/alexatop},
	Bdsk-Url-1 = {https://github.com/maxisoad/alexatop}}

@electronic{harcapturer,
	Author = {Andrea Cardaci},
	Date-Added = {2013-11-03 02:06:20 +0000},
	Date-Modified = {2013-11-03 02:06:41 +0000},
	Title = {chrome-har-capturer. Capture HAR files from a remote Chrome instance.},
	Url = {https://github.com/cyrus-and/chrome-har-capturer},
	Bdsk-Url-1 = {https://github.com/cyrus-and/chrome-har-capturer}}

@electronic{debugger,
	Date-Added = {2013-11-03 02:06:20 +0000},
	Date-Modified = {2013-11-03 02:06:41 +0000},
	Title = {Remote debugging protocol},
	Url = {https://developer.chrome.com/devtools/docs/debugger-protocol},
	Bdsk-Url-1 = {https://developer.chrome.com/devtools/docs/debugger-protocol}}

@electronic{tamanoSitios,
	Author = {Website Optimization},
	Date-Added = {2013-11-03 02:06:20 +0000},
	Date-Modified = {2013-11-03 02:06:41 +0000},
	Title = {Average Web Page Size Triples Since 2008},
	Url = {http://www.websiteoptimization.com/speed/tweak/average-web-page/},
	Bdsk-Url-1 = {http://www.websiteoptimization.com/speed/tweak/average-web-page/}}
	
@electronic{harSpec,
	Author = {Jan Odvarko},
	Date-Added = {2013-11-03 02:06:20 +0000},
	Date-Modified = {2013-11-03 02:06:41 +0000},
	Title = {HAR 1.2 Spec},
	Url = {http://www.softwareishard.com/blog/har-12-spec/},
	Bdsk-Url-1 = {http://www.softwareishard.com/blog/har-12-spec/}}

@electronic{netcraft,
	Date-Added = {2013-11-03 02:06:20 +0000},
	Date-Modified = {2013-11-03 02:06:41 +0000},
	Title = {February 2014 Web Server Survey},
	Url = {http://news.netcraft.com/archives/category/web-server-survey/},
	Bdsk-Url-1 = {http://news.netcraft.com/archives/category/web-server-survey/}}

@electronic{httparchive,
	Date-Added = {2013-11-03 02:06:20 +0000},
	Date-Modified = {2013-11-03 02:06:41 +0000},
	Title = {httparchive - The HTTP Archive tracks how the Web is built.},
	Url = {http://httparchive.org/},
	Bdsk-Url-1 = {http://httparchive.org/}}

@electronic{edgeArch,
	Author = {Mark Nottingham and Xiang Liu},
	Date-Added = {2013-11-03 02:06:20 +0000},
	Date-Modified = {2013-11-03 02:06:41 +0000},
	Title = {Edge Architecture Specification},
	Url = {http://www.w3.org/TR/edge-arch},
	Bdsk-Url-1 = {http://www.w3.org/TR/edge-arch}}

@electronic{des,
	Author = {NATIONAL INSTITUTE OF STANDARDS AND TECHNOLOGY},
	Date-Added = {2013-11-03 02:06:20 +0000},
	Date-Modified = {2013-11-03 02:06:41 +0000},
	Title = {DATA ENCRYPTION STANDARD (DES)},
	Url = {http://csrc.nist.gov/publications/fips/fips46-3/fips46-3.pdf},
	Bdsk-Url-1 = {http://csrc.nist.gov/publications/fips/fips46-3/fips46-3.pdf}}

@electronic{secureProxies,
	Author = {Ilya Grigorik},
	Date-Added = {2013-11-03 02:06:20 +0000},
	Date-Modified = {2013-11-03 02:06:41 +0000},
	Title = {Web-VPN: Secure Proxies with SPDY \& Chrome},
	Url = {https://www.igvita.com/2011/12/01/web-vpn-secure-proxies-with-spdy-chrome/},
	Bdsk-Url-1 = {https://www.igvita.com/2011/12/01/web-vpn-secure-proxies-with-spdy-chrome/}}

@electronic{cacheDef,
	Author = {Mark Nottingham},
	Date-Added = {2013-11-03 01:41:48 +0000},
	Date-Modified = {2013-11-25 15:20:15 +0000},
	Title = {Caching Tutorial for Web Authors and Webmasters},
	Url = {http://www.mnot.net/cache_docs/},
	Urldate = {06/05/2013},
	Bdsk-Url-1 = {http://www.mnot.net/cache_docs/}}

@url{rfcData,
	Date-Added = {2013-11-02 22:31:51 +0000},
	Date-Modified = {2013-11-02 22:36:57 +0000},
	Title = {The ''data'' URL scheme},
	Url = {http://tools.ietf.org/html/rfc2397},
	Urldate = {1998},
	Bdsk-Url-1 = {http://tools.ietf.org/html/rfc2397}}

@url{sctpHTTP,
	Date-Added = {2013-11-02 22:31:51 +0000},
	Date-Modified = {2013-11-02 22:36:57 +0000},
	Title = {Using SCTP as a Transport Layer Protocol for HTTP},
	Url = {http://tools.ietf.org/html/draft-natarajan-http-over-sctp-00},
	Urldate = {Octubre 2008},
	Bdsk-Url-1 = {http://tools.ietf.org/html/draft-natarajan-http-over-sctp-00}}

@url{draftTrustedProxy,
	Date-Added = {2013-11-02 22:31:51 +0000},
	Date-Modified = {2013-11-02 22:36:57 +0000},
	Title = {Explicit Trusted Proxy in HTTP/2.0},
	Url = {http://www.ietf.org/id/draft-loreto-httpbis-trusted-proxy20-01.txt},
	Urldate = {1998},
	Bdsk-Url-1 = {http://www.ietf.org/id/draft-loreto-httpbis-trusted-proxy20-01.txt}}

@url{rfcSintaxURI,
	Date-Added = {2013-11-02 22:31:51 +0000},
	Date-Modified = {2013-11-02 22:36:57 +0000},
	Title = {Uniform Resource Identifier (URI): Generic Syntax},
	Url = {http://tools.ietf.org/html/rfc3986},
	Urldate = {2005},
	Bdsk-Url-1 = {http://tools.ietf.org/html/rfc3986}}
 
@url{rfcGzip,
	Date-Added = {2013-11-02 22:31:51 +0000},
	Date-Modified = {2013-11-02 22:36:57 +0000},
	Title = {GZIP file format specification},
	Url = {http://www.gzip.org/zlib/rfc-gzip.html},
	Urldate = {1996},
	Bdsk-Url-1 = {http://www.gzip.org/zlib/rfc-gzip.html}}
	
@url{rfcDeflate,
	Date-Added = {2013-11-02 22:31:51 +0000},
	Date-Modified = {2013-11-02 22:36:57 +0000},
	Title = {DEFLATE Compressed Data Format Specification},
	Url = {http://www.ietf.org/rfc/rfc1951.txt},
	Urldate = {1996},
	Bdsk-Url-1 = {http://www.ietf.org/rfc/rfc1951.txt}}

@url{rfcHTTP1.1,
	Date-Added = {2013-11-02 22:31:51 +0000},
	Date-Modified = {2013-11-02 22:36:57 +0000},
	Title = {RFC: Hypertext Transfer Protocol -- HTTP/1.1},
	Url = {http://www.ietf.org/rfc/rfc2616.txt},
	Urldate = {Junio 1999},
	Bdsk-Url-1 = {http://www.ietf.org/rfc/rfc2616.txt}}
	
@url{rfcHTTPS,
	Date-Added = {2013-11-02 22:31:51 +0000},
	Date-Modified = {2013-11-02 22:36:57 +0000},
	Title = {HTTP Over TLS},
	Url = {http://tools.ietf.org/html/rfc2818},
	Urldate = {Mayo 2000},
	Bdsk-Url-1 = {http://tools.ietf.org/html/rfc2818}}

@url{rfcSCTP,
	Date-Added = {2013-11-02 22:31:51 +0000},
	Date-Modified = {2013-11-02 22:36:57 +0000},
	Title = {Stream Control Transmission Protocol},
	Url = {http://tools.ietf.org/html/rfc2960},
	Urldate = {Octubre 2000},
	Bdsk-Url-1 = {http://tools.ietf.org/html/rfc2960}}

@url{http2,
	Date-Added = {2013-11-02 22:31:51 +0000},
	Date-Modified = {2013-11-02 22:36:57 +0000},
	Title = {Hypertext Transfer Protocol version 2},
	Url = {http://tools.ietf.org/html/draft-ietf-httpbis-http2-13},
	Urldate = {Junio 2014},
	Bdsk-Url-1 = {http://tools.ietf.org/html/draft-ietf-httpbis-http2-13}}

@url{unicen,
	Date-Added = {2013-11-02 22:31:51 +0000},
	Date-Modified = {2013-11-02 22:36:57 +0000},
	Title = {El modelo OSI},
	Url = {http://www.exa.unicen.edu.ar/catedras/comdat1/material/ElmodeloOSI.pdf},
	Bdsk-Url-1 = {http://www.exa.unicen.edu.ar/catedras/comdat1/material/ElmodeloOSI.pdf}}

@url{encapsulamiento,
	Date-Added = {2013-11-02 22:31:51 +0000},
	Date-Modified = {2013-11-02 22:36:57 +0000},
	Title = {La encapsulaci'on de datos, un concepto cr'itico.},
	Url = {http://www.redescisco.net/v2/art/la-encapsulacion-de-datos-un-concepto-critico/},
	Urldate = {Junio 2010},
	Bdsk-Url-1 = {http://www.redescisco.net/v2/art/la-encapsulacion-de-datos-un-concepto-critico/}}

@electronic{w3cHTTP,
	Author = {W3C},
	Date-Added = {2013-11-02 22:27:45 +0000},
	Date-Modified = {2013-11-02 22:30:31 +0000},
	Title = {HTTP - Hypertext Transfer Protocol},
	Url = {http://www.w3.org/Protocols/},
	Urldate = {2013-10-02},
	Bdsk-Url-1 = {http://www.w3.org/Protocols/}}
